<record><leader>00000cas a22000007a 4500</leader><controlfield tag="001">12165398</controlfield><controlfield tag="008">850617d19391941njudn ne      0    0eng d</controlfield><datafield ind1=" " ind2=" " tag="010"><subfield code="a">sn 85035795 </subfield></datafield><datafield ind1=" " ind2=" " tag="040"><subfield code="a">NPA</subfield><subfield code="b">eng</subfield><subfield code="c">NPA</subfield><subfield code="d">NJW</subfield><subfield code="d">OCLCQ</subfield></datafield><datafield ind1=" " ind2=" " tag="042"><subfield code="a">msc</subfield></datafield><datafield ind1="0" ind2="4" tag="245"><subfield code="a">The Burlington County daily enterprise.</subfield></datafield><datafield ind1=" " ind2=" " tag="260"><subfield code="a">Burlington, N.J. :</subfield><subfield code="b">John B. Lewis and Dorothy Roe Lewis,</subfield><subfield code="c">1939-</subfield></datafield><datafield ind1=" " ind2=" " tag="300"><subfield code="a">v. :</subfield><subfield code="b">ill.</subfield></datafield><datafield ind1=" " ind2=" " tag="310"><subfield code="a">Daily (except Sun.)</subfield></datafield><datafield ind1="0" ind2=" " tag="362"><subfield code="a">No. 18,042 (Aug. 10, 1939)-</subfield></datafield><datafield ind1="1" ind2=" " tag="362"><subfield code="a">Ceased in 1941.</subfield></datafield><datafield ind1=" " ind2=" " tag="530"><subfield code="a">Also issued on microfilm by Micro-Graphic Corp., Garfield, N.J.</subfield></datafield><datafield ind1=" " ind2=" " tag="580"><subfield code="a">Weekly eds.: Burlington County weekly enterprise; Burlington County enterprise.</subfield></datafield><datafield ind1=" " ind2=" " tag="752"><subfield code="a">United States</subfield><subfield code="b">New Jersey</subfield><subfield code="c">Burlington</subfield><subfield code="d">Burlington.</subfield></datafield><datafield ind1="1" ind2=" " tag="775"><subfield code="t">Burlington County weekly enterprise</subfield></datafield><datafield ind1="1" ind2=" " tag="775"><subfield code="t">Burlington County enterprise</subfield></datafield><datafield ind1="0" ind2="0" tag="780"><subfield code="t">Daily enterprise (Burlington, N.J.)</subfield><subfield code="w">(DLC)sn 85035794</subfield><subfield code="w">(OCoLC)12165378</subfield></datafield></record>